@article{blaser2014microbiome,
  title={The microbiome revolution},
  author={Blaser, Martin J and others},
  journal={The Journal of clinical investigation},
  volume={124},
  number={10},
  pages={4162--4165},
  year={2014},
  publisher={Am Soc Clin Investig}
}

@article{bolyen2019qiime2,
  title={Reproducible, interactive, scalable and extensible microbiome data science using QIIME 2},
  author={Bolyen, Evan and Rideout, Jai Ram and Dillon, Matthew R and Bokulich, Nicholas A and Abnet, Christian C and Al-Ghalith, Gabriel A and Alexander, Harriet and Alm, Eric J and Arumugam, Manimozhiyan and Asnicar, Francesco and others},
  journal={Nature biotechnology},
  volume={37},
  number={8},
  pages={852--857},
  year={2019},
  publisher={Nature Publishing Group}
}

@article{reich2006genepattern,
  title={GenePattern 2.0},
  author={Reich, Michael and Liefeld, Ted and Gould, Joshua and Lerner, Jim and Tamayo, Pablo and Mesirov, Jill P},
  journal={Nature genetics},
  volume={38},
  number={5},
  pages={500--501},
  year={2006},
  publisher={Nature Publishing Group US New York}
}

@article{gentleman2004bioconductor,
  title={Bioconductor: open software development for computational biology and bioinformatics},
  author={Gentleman, Robert C and Carey, Vincent J and Bates, Douglas M and Bolstad, Ben and Dettling, Marcel and Dudoit, Sandrine and Ellis, Byron and Gautier, Laurent and Ge, Yongchao and Gentry, Jeff and others},
  journal={Genome biology},
  volume={5},
  number={10},
  pages={1--16},
  year={2004},
  publisher={BioMed Central}
}

@article{hull2006taverna,
  title={Taverna: a tool for building and running workflows of services},
  author={Hull, Duncan and Wolstencroft, Katy and Stevens, Robert and Goble, Carole and Pocock, Mathew R and Li, Peter and Oinn, Tom},
  journal={Nucleic acids research},
  volume={34},
  number={suppl\_2},
  pages={W729--W732},
  year={2006},
  publisher={Oxford University Press}
}

@article{schloss_introducting_2009,
	author = {Schloss, Patrick D. and Westcott, Sarah L. and Ryabin, Thomas and Hall, Justine R. and Hartmann, Martin and Hollister, Emily B. and Lesniewski, Ryan A. and Oakley, Brian B. and Parks, Donovan H. and Robinson, Courtney J. and Sahl, Jason W. and Stres, Blaz and Thallinger, Gerhard G. and Van Horn, David J. and Weber, Carolyn F.},
	title = {Introducing mothur: Open-Source, Platform-Independent, Community-Supported Software for Describing and Comparing Microbial Communities},
	volume = {75},
	number = {23},
	pages = {7537--7541},
	year = {2009},
	doi = {10.1128/AEM.01541-09},
	issn = {0099-2240},
	URL = {https://aem.asm.org/content/75/23/7537},
	journal = {Applied and Environmental Microbiology}
}

@article{callahan2016dada2,
  title={DADA2: High-resolution sample inference from Illumina amplicon data},
  author={Callahan, Benjamin J and McMurdie, Paul J and Rosen, Michael J and Han, Andrew W and Johnson, Amy Jo A and Holmes, Susan P},
  journal={Nature methods},
  volume={13},
  number={7},
  pages={581--583},
  year={2016},
  publisher={Nature Publishing Group US New York}
}

@book{brock2003brock,
  title={Brock biology of microorganisms},
  author={Brock, Thomas Dale and Madigan, Michael T and Martinko, John M and Parker, Jack},
  year={2003},
  publisher={Upper Saddle River (NJ): Prentice-Hall, 2003.}
}

@article{mitchell2020mgnify,
  title={MGnify: the microbiome analysis resource in 2020},
  author={Mitchell, Alex L and Almeida, Alexandre and Beracochea, Martin and Boland, Miguel and Burgin, Josephine and Cochrane, Guy and Crusoe, Michael R and Kale, Varsha and Potter, Simon C and Richardson, Lorna J and others},
  journal={Nucleic acids research},
  volume={48},
  number={D1},
  pages={D570--D578},
  year={2020},
  publisher={Oxford University Press}
}

@article{di2017nextflow,
  title={Nextflow enables reproducible computational workflows},
  author={Di Tommaso, Paolo and Chatzou, Maria and Floden, Evan W and Barja, Pablo Prieto and Palumbo, Emilio and Notredame, Cedric},
  journal={Nature biotechnology},
  volume={35},
  number={4},
  pages={316--319},
  year={2017},
  publisher={Nature Publishing Group}
}

@article{crusoe2022methods,
  title={Methods included: Standardizing computational reuse and portability with the common workflow language},
  author={Crusoe, Michael R and Abeln, Sanne and Iosup, Alexandru and Amstutz, Peter and Chilton, John and Tijani{\'c}, Neboj{\v{s}}a and M{\'e}nager, Herv{\'e} and Soiland-Reyes, Stian and Gavrilovi{\'c}, Bogdan and Goble, Carole and others},
  journal={Communications of the ACM},
  volume={65},
  number={6},
  pages={54--63},
  year={2022},
  publisher={ACM New York, NY, USA}
}

@article{wang2021nanopore,
  title={Nanopore sequencing technology, bioinformatics and applications},
  author={Wang, Yunhao and Zhao, Yue and Bollas, Audrey and Wang, Yuru and Au, Kin Fai},
  journal={Nature biotechnology},
  volume={39},
  number={11},
  pages={1348--1365},
  year={2021},
  publisher={Nature Publishing Group US New York}
}

@article{de2016effects,
  title={Effects of moderate beer consumption on health and disease: A consensus document},
  author={De Gaetano, Giovanni and Costanzo, Simona and Di Castelnuovo, A and Badimon, L and Bejko, D and Alkerwi, Ala'a and Chiva-Blanch, G and Estruch, Ramon and La Vecchia, Carlo and Panico, S and others},
  journal={Nutrition, Metabolism and Cardiovascular Diseases},
  volume={26},
  number={6},
  pages={443--467},
  year={2016},
  publisher={Elsevier}
}

@article{BarthHaas,
  title={BarthHaas Report 2021/2022},
  author={BarthHaas},
  journal={BarthHaas Report},
  volume={},
  number={},
  pages={},
  year={2022},
  publisher={}
}

@inproceedings{bamforth2000brief,
  title={A brief history of beer},
  author={Bamforth, CW},
  booktitle={Proceedings of the 26th Convention of the Institute of Brewing, Asia-Pacific Section, Singapore},
  pages={5--12},
  year={2000}
}

@book{preedy2011beer,
  title={Beer in health and disease prevention},
  author={Preedy, Victor R},
  year={2011},
  publisher={Academic Press}
}

@article{piraine2021mixed,
  title={Mixed-culture metagenomics of the microbes making sour beer},
  author={Piraine, Renan Eug{\^e}nio Araujo and Leite, F{\'a}bio Pereira Leivas and Bochman, Matthew L},
  journal={Fermentation},
  volume={7},
  number={3},
  pages={174},
  year={2021},
  publisher={MDPI}
}

@article{narziss1984german,
  title={The German beer law},
  author={Narziss, L},
  journal={Journal of the Institute of Brewing},
  volume={90},
  number={6},
  pages={351--358},
  year={1984},
  publisher={Blackwell Publishing Ltd Oxford, UK}
}

@article{bossaert2021description,
  title={Description of the temporal dynamics in microbial community composition and beer chemistry in sour beer production via barrel ageing of finished beers},
  author={Bossaert, Sofie and Winne, Val{\'e}rie and Van Opstaele, Filip and Buyse, Jasper and Verreth, Christel and Herrera-Malaver, Beatriz and Van Geel, Maarten and Verstrepen, Kevin J and Crauwels, Sam and De Rouck, Gert and others},
  journal={International Journal of Food Microbiology},
  volume={339},
  pages={109030},
  year={2021},
  publisher={Elsevier}
}

@article{bokulich2012brewhouse,
  title={Brewhouse-resident microbiota are responsible for multi-stage fermentation of American coolship ale},
  author={Bokulich, Nicholas A and Bamforth, Charles W and Mills, David A},
  journal={PloS one},
  volume={7},
  number={4},
  pages={e35507},
  year={2012},
  publisher={Public Library of Science San Francisco, USA}
}

@article{richardson2023mgnify,
  title={MGnify: the microbiome sequence data analysis resource in 2023},
  author={Richardson, Lorna and Allen, Ben and Baldi, Germana and Beracochea, Martin and Bileschi, Maxwell L and Burdett, Tony and Burgin, Josephine and Caballero-P{\'e}rez, Juan and Cochrane, Guy and Colwell, Lucy J and others},
  journal={Nucleic Acids Research},
  volume={51},
  number={D1},
  pages={D753--D759},
  year={2023},
  publisher={Oxford University Press}
}

@article{reimer2022bac,
  title={Bac Dive in 2022: the knowledge base for standardized bacterial and archaeal data},
  author={Reimer, Lorenz Christian and Sard{\`a} Carbasse, Joaquim and Koblitz, Julia and Ebeling, Christian and Podstawka, Adam and Overmann, J{\"o}rg},
  journal={Nucleic Acids Research},
  volume={50},
  number={D1},
  pages={D741--D746},
  year={2022},
  publisher={Oxford University Press}
}

@article{sobel2017beerdecoded,
  title={BeerDeCoded: the open beer metagenome project},
  author={Sobel, Jonathan and Henry, Luc and Rotman, Nicolas and Rando, Gianpaolo},
  journal={F1000Research},
  volume={6},
  pages={1676},
  year={2017},
  publisher={F1000 Research Limited London, UK}
}

@article{bharti2021current,
  title={Current challenges and best-practice protocols for microbiome analysis},
  author={Bharti, Richa and Grimm, Dominik G},
  journal={Briefings in bioinformatics},
  volume={22},
  number={1},
  pages={178--193},
  year={2021},
  publisher={Oxford University Press}
}

@article{quail2008large,
  title={A large genome center's improvements to the Illumina sequencing system},
  author={Quail, Michael A and Kozarewa, Iwanka and Smith, Frances and Scally, Aylwyn and Stephens, Philip J and Durbin, Richard and Swerdlow, Harold and Turner, Daniel J},
  journal={Nature methods},
  volume={5},
  number={12},
  pages={1005--1010},
  year={2008},
  publisher={Nature Publishing Group US New York}
}

@article{vicente2018open,
  title={Open Science now: A systematic literature review for an integrated definition},
  author={Vicente-Saez, Ruben and Martinez-Fuentes, Clara},
  journal={Journal of business research},
  volume={88},
  pages={428--436},
  year={2018},
  publisher={Elsevier}
}


@article{wood2019improved,
  title={Improved metagenomic analysis with Kraken 2},
  author={Wood, Derrick E and Lu, Jennifer and Langmead, Ben},
  journal={Genome biology},
  volume={20},
  pages={1--13},
  year={2019},
  publisher={Springer}
}

@article{blanco2023extending,
  title={Extending and improving metagenomic taxonomic profiling with uncharacterized species using MetaPhlAn 4},
  author={Blanco-M{\'\i}guez, Aitor and Beghini, Francesco and Cumbo, Fabio and McIver, Lauren J and Thompson, Kelsey N and Zolfo, Moreno and Manghi, Paolo and Dubois, Leonard and Huang, Kun D and Thomas, Andrew Maltez and others},
  journal={Nature Biotechnology},
  pages={1--12},
  year={2023},
  publisher={Nature Publishing Group US New York}
}

@article{milanese2019microbial,
  title={Microbial abundance, activity and population genomic profiling with mOTUs2},
  author={Milanese, Alessio and Mende, Daniel R and Paoli, Lucas and Salazar, Guillem and Ruscheweyh, Hans-Joachim and Cuenca, Miguelangel and Hingamp, Pascal and Alves, Renato and Costea, Paul I and Coelho, Luis Pedro and others},
  journal={Nature communications},
  volume={10},
  number={1},
  pages={1014},
  year={2019},
  publisher={Nature Publishing Group UK London}
}

@article{molder2021sustainable,
  title={Sustainable data analysis with Snakemake},
  author={M{\"o}lder, Felix and Jablonski, Kim Philipp and Letcher, Brice and Hall, Michael B and Tomkins-Tinch, Christopher H and Sochat, Vanessa and Forster, Jan and Lee, Soohyun and Twardziok, Sven O and Kanitz, Alexander and others},
  journal={F1000Research},
  volume={10},
  year={2021},
  publisher={Faculty of 1000 Ltd}
}

@article{galaxy2022galaxy,
  title={The Galaxy platform for accessible, reproducible and collaborative biomedical analyses: 2022 update},
  journal={Nucleic Acids Research},
  volume={50},
  number={W1},
  pages={W345--W351},
  year={2022},
  publisher={Oxford University Press}
}

@article{sloggett2013bioblend,
  title={BioBlend: automating pipeline analyses within Galaxy and CloudMan},
  author={Sloggett, Clare and Goonasekera, Nuwan and Afgan, Enis},
  journal={Bioinformatics},
  volume={29},
  number={13},
  pages={1685--1686},
  year={2013},
  publisher={Oxford University Press}
}

@article{viejo2019chemical,
  title={Chemical characterization of aromas in beer and their effect on consumers liking},
  author={Viejo, Claudia Gonzalez and Fuentes, Sigfredo and Torrico, Damir D and Godbole, Amruta and Dunshea, Frank R},
  journal={Food chemistry},
  volume={293},
  pages={479--485},
  year={2019},
  publisher={Elsevier}
}

@article{yang2009more,
  title={More than 9,000,000 unique genes in human gut bacterial community: estimating gene numbers inside a human body},
  author={Yang, Xing and Xie, Lu and Li, Yixue and Wei, Chaochun},
  journal={PloS one},
  volume={4},
  number={6},
  pages={e6074},
  year={2009},
  publisher={Public Library of Science San Francisco, USA}
}

@article{spitaels2014microbial,
  title={The microbial diversity of traditional spontaneously fermented lambic beer},
  author={Spitaels, Freek and Wieme, Anneleen D and Janssens, Maarten and Aerts, Maarten and Daniel, Heide-Marie and Van Landschoot, Anita and De Vuyst, Luc and Vandamme, Peter},
  journal={PloS one},
  volume={9},
  number={4},
  pages={e95384},
  year={2014},
  publisher={Public Library of Science San Francisco, USA}
}

@book{white2010yeast,
  title={Yeast: the practical guide to beer fermentation},
  author={White, Chris and Zainasheff, Jamil},
  year={2010},
  publisher={Brewers Publications}
}

@article{durack2019gut,
  title={The gut microbiome: Relationships with disease and opportunities for therapy},
  author={Durack, Juliana and Lynch, Susan V},
  journal={Journal of experimental medicine},
  volume={216},
  number={1},
  pages={20--40},
  year={2019},
  publisher={Rockefeller University Press}
}

@article{vuong2022little,
  title={The little things that matter: how bioprospecting microbial biodiversity can build towards the realization of United Nations Sustainable Development Goals},
  author={Vuong, Paton and Chong, Sandy and Kaur, Parwinder},
  journal={npj Biodiversity},
  volume={1},
  number={1},
  pages={4},
  year={2022},
  publisher={Nature Publishing Group UK London}
}

@article{miguel2022non,
  title={Non-Saccharomyces yeasts for beer production: Insights into safety aspects and considerations},
  author={Miguel, Gabriela A and Carlsen, Simon and Arneborg, Nils and Saerens, Sofie MG and Laulund, Svend and Knudsen, Gitte M},
  journal={International journal of food microbiology},
  pages={109951},
  year={2022},
  publisher={Elsevier}
}

@misc{andrews2010fastqc,
  title={FastQC: a quality control tool for high throughput sequence data},
  author={Andrews, Simon and others},
  year={2010},
  publisher={Babraham Bioinformatics, Babraham Institute, Cambridge, United Kingdom}
}

@article{martin2011cutadapt,
  title={Cutadapt removes adapter sequences from high-throughput sequencing reads},
  author={Martin, Marcel},
  journal={EMBnet. journal},
  volume={17},
  number={1},
  pages={10--12},
  year={2011}
}

@article{bolger2014trimmomatic,
  title={Trimmomatic: a flexible trimmer for Illumina sequence data},
  author={Bolger, Anthony M and Lohse, Marc and Usadel, Bjoern},
  journal={Bioinformatics},
  volume={30},
  number={15},
  pages={2114--2120},
  year={2014},
  publisher={Oxford University Press}
}

@article{edgar2010search,
  title={Search and clustering orders of magnitude faster than BLAST},
  author={Edgar, Robert C},
  journal={Bioinformatics},
  volume={26},
  number={19},
  pages={2460--2461},
  year={2010},
  publisher={Oxford University Press}
}

@article{breitwieser2020pavian,
  title={Pavian: interactive analysis of metagenomics data for microbiome studies and pathogen identification},
  author={Breitwieser, Florian P and Salzberg, Steven L},
  journal={Bioinformatics},
  volume={36},
  number={4},
  pages={1303--1304},
  year={2020},
  publisher={Oxford University Press}
}

@article{ondov2011interactive,
  title={Interactive metagenomic visualization in a Web browser},
  author={Ondov, Brian D and Bergman, Nicholas H and Phillippy, Adam M},
  journal={BMC bioinformatics},
  volume={12},
  number={1},
  pages={1--10},
  year={2011},
  publisher={BioMed Central}
}

@article{o2016reference,
  title={Reference sequence (RefSeq) database at NCBI: current status, taxonomic expansion, and functional annotation},
  author={O'Leary, Nuala A and Wright, Mathew W and Brister, J Rodney and Ciufo, Stacy and Haddad, Diana and McVeigh, Rich and Rajput, Bhanu and Robbertse, Barbara and Smith-White, Brian and Ako-Adjei, Danso and others},
  journal={Nucleic acids research},
  volume={44},
  number={D1},
  pages={D733--D745},
  year={2016},
  publisher={Oxford University Press}
}

@article{cason2020bacterial,
  title={Bacterial and fungal dynamics during the fermentation process of sesotho, a traditional beer of Southern Africa},
  author={Cason, Errol D and Mahlomaholo, Bokang J and Taole, Mat{\v{s}}epo M and Abong, George Ooko and Vermeulen, Jan-G and de Smidt, Olga and Vermeulen, Marcele and Steyn, Laurinda and Valverde, Angel and Viljoen, Bennie},
  journal={Frontiers in Microbiology},
  volume={11},
  pages={1451},
  year={2020},
  publisher={Frontiers Media SA}
}

@article{costa2022culture,
  title={A Culture-Independent Comparison of Microbial Communities of Two Maturating Craft Beers Styles},
  author={Costa, Jo{\~a}o and Sierra-Garcia, Isabel N and Cunha, Angela},
  year={2022},
  publisher={Korean Society for Microbiology and Biotechnology}
}

@article{tyakht2021characteristics,
  title={Characteristics of bacterial and yeast microbiomes in spontaneous and mixed-fermentation beer and cider},
  author={Tyakht, Alexander and Kopeliovich, Anna and Klimenko, Natalia and Efimova, Daria and Dovidchenko, Nikita and Odintsova, Vera and Kleimenov, Mikhail and Toshchakov, Stepan and Popova, Alexandra and Khomyakova, Maria and others},
  journal={Food Microbiology},
  volume={94},
  pages={103658},
  year={2021},
  publisher={Elsevier}
}

@article{shayevitz2020barrel,
  title={Barrel-induced variation in the microbiome and mycobiome of aged sour ale and imperial porter beer},
  author={Shayevitz, Avi and Harrison, Keisha and Curtin, Chris D},
  journal={Journal of the American Society of Brewing Chemists},
  volume={79},
  number={1},
  pages={33--40},
  year={2020},
  publisher={Taylor \& Francis}
}

@article{methner2019screening,
  title={Screening for the brewing ability of different non-Saccharomyces yeasts},
  author={Methner, Yvonne and Hutzler, Mathias and Matoulkov{\'a}, Dagmar and Jacob, Fritz and Michel, Maximilian},
  journal={Fermentation},
  volume={5},
  number={4},
  pages={101},
  year={2019},
  publisher={MDPI}
}


@book{fleet1993wine,
  title={Wine microbiology and biotechnology},
  author={Fleet, Graham H},
  year={1993},
  publisher={CRC press}
}

@article{martiny2019high,
  title={High proportions of bacteria are culturable across major biomes},
  author={Martiny, Adam C},
  journal={The ISME Journal},
  volume={13},
  number={8},
  pages={2125--2128},
  year={2019},
  publisher={Nature Publishing Group UK London}
}

@article{li2009fast,
  title={Fast and accurate short read alignment with Burrows--Wheeler transform},
  author={Li, Heng and Durbin, Richard},
  journal={bioinformatics},
  volume={25},
  number={14},
  pages={1754--1760},
  year={2009},
  publisher={Oxford University Press}
}

@article{danecek2021twelve,
  title={Twelve years of SAMtools and BCFtools},
  author={Danecek, Petr and Bonfield, James K and Liddle, Jennifer and Marshall, John and Ohan, Valeriu and Pollard, Martin O and Whitwham, Andrew and Keane, Thomas and McCarthy, Shane A and Davies, Robert M and others},
  journal={Gigascience},
  volume={10},
  number={2},
  pages={giab008},
  year={2021},
  publisher={Oxford University Press}
}

@article{lassmann2011samstat,
  title={SAMStat: monitoring biases in next generation sequencing data},
  author={Lassmann, Timo and Hayashizaki, Yoshihide and Daub, Carsten O},
  journal={Bioinformatics},
  volume={27},
  number={1},
  pages={130--131},
  year={2011},
  publisher={Oxford University Press}
}

@article{keegan2016mg,
  title={MG-RAST, a metagenomics service for analysis of microbial community structure and function},
  author={Keegan, Kevin P and Glass, Elizabeth M and Meyer, Folker},
  journal={Microbial environmental genomics (MEG)},
  pages={207--233},
  year={2016},
  publisher={Springer}
}

@article{wick2017completing,
  title={Completing bacterial genome assemblies with multiplex MinION sequencing},
  author={Wick, Ryan R and Judd, Louise M and Gorrie, Claire L and Holt, Kathryn E},
  journal={Microbial genomics},
  volume={3},
  number={10},
  year={2017},
  publisher={Microbiology Society}
}

@article{lu2022metagenome,
  title={Metagenome analysis using the Kraken software suite},
  author={Lu, Jennifer and Rincon, Natalia and Wood, Derrick E and Breitwieser, Florian P and Pockrandt, Christopher and Langmead, Ben and Salzberg, Steven L and Steinegger, Martin},
  journal={Nature protocols},
  volume={17},
  number={12},
  pages={2815--2839},
  year={2022},
  publisher={Nature Publishing Group UK London}
}

@article{nilsson2019unite,
  title={The UNITE database for molecular identification of fungi: handling dark taxa and parallel taxonomic classifications},
  author={Nilsson, Rolf Henrik and Larsson, Karl-Henrik and Taylor, Andy F S and Bengtsson-Palme, Johan and Jeppesen, Thomas S and Schigel, Dmitry and Kennedy, Peter and Picard, Kathryn and Gl{\"o}ckner, Frank Oliver and Tedersoo, Leho and others},
  journal={Nucleic acids research},
  volume={47},
  number={D1},
  pages={D259--D264},
  year={2019},
  publisher={Oxford University Press}
}

@article{amir2017deblur,
  title={Deblur rapidly resolves single-nucleotide community sequence patterns},
  author={Amir, Amnon and McDonald, Daniel and Navas-Molina, Jose A and Kopylova, Evguenia and Morton, James T and Zech Xu, Zhenjiang and Kightley, Eric P and Thompson, Luke R and Hyde, Embriette R and Gonzalez, Antonio and others},
  journal={MSystems},
  volume={2},
  number={2},
  pages={10--1128},
  year={2017},
  publisher={Am Soc Microbiol}
}

@article{chen2018fastp,
  title={fastp: an ultra-fast all-in-one FASTQ preprocessor},
  author={Chen, Shifu and Zhou, Yanqing and Chen, Yaru and Gu, Jia},
  journal={Bioinformatics},
  volume={34},
  number={17},
  pages={i884--i890},
  year={2018},
  publisher={Oxford University Press}
}

@article{lu2017bracken,
  title={Bracken: estimating species abundance in metagenomics data},
  author={Lu, Jennifer and Breitwieser, Florian P and Thielen, Peter and Salzberg, Steven L},
  journal={PeerJ Computer Science},
  volume={3},
  pages={e104},
  year={2017},
  publisher={PeerJ Inc.}
}

@article{breitwieser2020pavian,
  title={Pavian: interactive analysis of metagenomics data for microbiome studies and pathogen identification},
  author={Breitwieser, Florian P and Salzberg, Steven L},
  journal={Bioinformatics},
  volume={36},
  number={4},
  pages={1303--1304},
  year={2020},
  publisher={Oxford University Press}
}

@software{reback2020pandas,
    author       = {The pandas development team},
    title        = {pandas-dev/pandas: Pandas},
    month        = {feb},
    year         = {2020},
    publisher    = {Zenodo},
    version      = {latest},
    doi          = {10.5281/zenodo.3509134},
    url          = {https://doi.org/10.5281/zenodo.3509134}
}

@article{hunter2007matplotlib,
  title={Matplotlib: A 2D graphics environment},
  author={Hunter, John D},
  journal={Computing in science \& engineering},
  volume={9},
  number={03},
  pages={90--95},
  year={2007},
  publisher={IEEE Computer Society}
}

@article{Waskom2021,
    doi = {10.21105/joss.03021},
    url = {https://doi.org/10.21105/joss.03021},
    year = {2021},
    publisher = {The Open Journal},
    volume = {6},
    number = {60},
    pages = {3021},
    author = {Michael L. Waskom},
    title = {seaborn: statistical data visualization},
    journal = {Journal of Open Source Software}
 }

@ARTICLE{2020SciPy-NMeth,
  author  = {Virtanen, Pauli and Gommers, Ralf and Oliphant, Travis E. and
            Haberland, Matt and Reddy, Tyler and Cournapeau, David and
            Burovski, Evgeni and Peterson, Pearu and Weckesser, Warren and
            Bright, Jonathan and {van der Walt}, St{\'e}fan J. and
            Brett, Matthew and Wilson, Joshua and Millman, K. Jarrod and
            Mayorov, Nikolay and Nelson, Andrew R. J. and Jones, Eric and
            Kern, Robert and Larson, Eric and Carey, C J and
            Polat, {\.I}lhan and Feng, Yu and Moore, Eric W. and
            {VanderPlas}, Jake and Laxalde, Denis and Perktold, Josef and
            Cimrman, Robert and Henriksen, Ian and Quintero, E. A. and
            Harris, Charles R. and Archibald, Anne M. and
            Ribeiro, Ant{\^o}nio H. and Pedregosa, Fabian and
            {van Mulbregt}, Paul and {SciPy 1.0 Contributors}},
  title   = {{{SciPy} 1.0: Fundamental Algorithms for Scientific
            Computing in Python}},
  journal = {Nature Methods},
  year    = {2020},
  volume  = {17},
  pages   = {261--272},
  adsurl  = {https://rdcu.be/b08Wh},
  doi     = {10.1038/s41592-019-0686-2},
}

@book{banker2016mongodb,
  title={MongoDB in action: covers MongoDB version 3.0},
  author={Banker, Kyle and Garrett, Douglas and Bakkum, Peter and Verch, Shaun},
  year={2016},
  publisher={Simon and Schuster}
}

@article{leinonen2010european,
  title={The European nucleotide archive},
  author={Leinonen, Rasko and Akhtar, Ruth and Birney, Ewan and Bower, Lawrence and Cerdeno-T{\'a}rraga, Ana and Cheng, Ying and Cleland, Iain and Faruque, Nadeem and Goodgame, Neil and Gibson, Richard and others},
  journal={Nucleic acids research},
  volume={39},
  number={suppl\_1},
  pages={D28--D31},
  year={2010},
  publisher={Oxford University Press}
}